@inproceedings{singh2004automated,
  title={Automated Worm Fingerprinting.},
  author={Singh, Sumeet and Estan, Cristian and Varghese, George and Savage, Stefan},
  booktitle={OSDI},
  volume={4},
  pages={4--4},
  year={2004}
}

@inproceedings{kim2004autograph,
  title={Autograph: Toward Automated, Distributed Worm Signature Detection.},
  author={Kim, Hyang-Ah and Karp, Brad},
  booktitle={USENIX security symposium},
  volume={286},
  year={2004},
  organization={San Diego, CA}
}

@inproceedings{newsome2005polygraph,
  title={Polygraph: Automatically generating signatures for polymorphic worms},
  author={Newsome, James and Karp, Brad and Song, Dawn},
  booktitle={2005 IEEE Symposium on Security and Privacy (S\&P'05)},
  pages={226--241},
  year={2005},
  organization={IEEE}
}

@inproceedings{erman2006qrp05,
  title={Qrp05-4: Internet traffic identification using machine learning},
  author={Erman, Jeffrey and Mahanti, Anirban and Arlitt, Martin},
  booktitle={IEEE Globecom 2006},
  pages={1--6},
  year={2006},
  organization={IEEE}
}

@inproceedings{park2008towards,
  title={Towards automated application signature generation for traffic identification},
  author={Park, Byung-Chul and Won, Young J and Kim, Myung-Sup and Hong, James W},
  booktitle={NOMS 2008-2008 IEEE Network Operations and Management Symposium},
  pages={160--167},
  year={2008},
  organization={IEEE}
}

@phdthesis{santosautomatic,
  title={Automatic Signature Generation},
  author={Santos, Alysson Feitoza},
  year={2009},
  school={Federal University of Pernambuco},
  note={\url{https://www.cin.ufpe.br/~tg/2009-1/afs5.pdf}}
}

@inproceedings{ye2009autosig,
  title={Autosig-automatically generating signatures for applications},
  author={Ye, Mingjiang and Xu, Ke and Wu, Jianping and Po, Hu},
  booktitle={2009 Ninth IEEE International Conference on Computer and Information Technology},
  volume={2},
  pages={104--109},
  year={2009},
  organization={IEEE}
}

@article{cheng2011automatic,
  title={Automatic traffic signature extraction based on fixed bit offset algorithm for traffic classification},
  author={Cheng, MU and HUANG, Xiao-hong and Xu, TIAN and Yan, MA and Qi, Jing-li},
  journal={The Journal of China Universities of Posts and Telecommunications},
  volume={18},
  pages={79--85},
  year={2011},
  publisher={Elsevier}
}

@article{wang2012generating,
  title={Generating regular expression signatures for network traffic classification in trusted network management},
  author={Wang, Yu and Xiang, Yang and Zhou, Wanlei and Yu, Shunzheng},
  journal={Journal of Network and Computer Applications},
  volume={35},
  number={3},
  pages={992--1000},
  year={2012},
  publisher={Elsevier}
}

@inproceedings{szabo2012automatic,
  title={Automatic protocol signature generation framework for deep packet inspection},
  author={Szab{\'o}, G{\'e}za and Tur{\'a}nyi, Zolt{\'a}n and Toka, L{\'a}szl{\'o} and Moln{\'a}r, S{\'a}ndor and Santos, Alysson},
  booktitle={5th International ICST Conference on Performance Evaluation Methodologies and Tools},
  year={2012}
}

@article{vinothgeorge2013efficient,
  title={Efficient regular expression signature generation for network traffic classification},
  author={Vinoth George, C and Ewards, V},
  journal={International Journal of Science and Research (IJSR)},
  year={2013}
}

@article{getman2015analys,
  title={Анализ сетевого трафика в режиме реального времени: обзор прикладных задач, подходов и решений.},
  author={Гетьман, А. И. and Евстропов, Е. Ф. and Маркин, Ю. В.},
  journal={Препринт ИСП РАН},
  volume={28},
  pages={1--52},
  year={2015},
  language={russian}
}

@article{shim2017sigbox,
  title={SigBox: Automatic Signature Generation Method for Fine-Grained Traffic Identification.},
  author={Shim, Kyu-Seok and Yoon, Sung-Ho and Lee, Su-Kang and Kim, Myung-Sup},
  journal={Journal of Information Science \& Engineering},
  volume={33},
  number={2},
  year={2017}
}

@inproceedings{goo2016payload,
  title={Payload signature structure for accurate application traffic classification},
  author={Goo, Young-Hoon and Shim, Kyu-Seok and Lee, Su-Kang and Kim, Myung-Sup},
  booktitle={2016 18th Asia-Pacific Network Operations and Management Symposium (APNOMS)},
  pages={1--4},
  year={2016},
  organization={IEEE}
}

@article{tharp2019improving,
  title={Improving signature quality for network application identification},
  author={Tharp, Justin and Suh, Sang C and Cho, Hyeonkoo and Kim, Jinoh},
  journal={Digital Communications and Networks},
  volume={5},
  number={3},
  pages={139--146},
  year={2019},
  publisher={Elsevier}
}

@article{shim2019automatic,
  title={Automatic Payload Signature Update System for the Classification of Dynamically Changing Internet Applications},
  author={Shim, Kyu-Seok and Goo, Young-Hoon and Lee, Dongcheul and Kim, Myung-Sup},
  journal={KSII Transactions on Internet and Information Systems (TIIS)},
  volume={13},
  number={3},
  pages={1284--1297},
  year={2019},
  publisher={Korean Society for Internet Information}
}

@article{karp1987efficient,
  title={Efficient randomized pattern-matching algorithms},
  author={Karp, Richard M and Rabin, Michael O},
  journal={IBM journal of research and development},
  volume={31},
  number={2},
  pages={249--260},
  year={1987},
  publisher={Ibm}
}

@article{boyer1977fast,
  title={A fast string searching algorithm},
  author={Boyer, Robert S and Moore, J Strother},
  journal={Communications of the ACM},
  volume={20},
  number={10},
  pages={762--772},
  year={1977},
  publisher={ACM New York, NY, USA}
}

@inproceedings{xie2010improved,
  title={Improved pattern matching algorithm of BMHS},
  author={Xie, Linquan and Liu, Xiaoming and Yue, Guangxue},
  booktitle={2010 Third International Symposium on Information Science and Engineering},
  pages={616--619},
  year={2010},
  organization={IEEE}
}

@inproceedings{zhou2019research,
  title={Research of Pattern Matching Algorithm Based on KMP and BMHS2},
  author={Zhou, Yansen and Pang, Ruixuan},
  booktitle={2019 IEEE 5th International Conference on Computer and Communications (ICCC)},
  pages={193--197},
  year={2019},
  organization={IEEE}
}

@article{dusi2009tunnel,
  title={Tunnel hunter: Detecting application-layer tunnels with statistical fingerprinting},
  author={Dusi, Maurizio and Crotti, Manuel and Gringoli, Francesco and Salgarelli, Luca},
  journal={Computer Networks},
  volume={53},
  number={1},
  pages={81--97},
  year={2009},
  publisher={Elsevier}
}

@online{IANA,
  title={Internet Assigned Numbers Authority},
  note={\url{https://www.iana.org}, дата обращения \today}
}

@online{Snort,
  title={Snort},
  note={\url{https://www.snort.org}, дата обращения \today}
}

@online{Bittorent,
  title={Bittorent},
  note={\url{https://www.bittorent.com}, дата обращения \today}
}

@online{Wireshark,
  title={Wireshark},
  note={\url{https://www.wireshark.org}, дата обращения \today}
}
